% Encoding: UTF-8

@Misc{Fzi_logo,
  Title                    = {{Datei:Fzi logo.svg – Wikipedia}},

  Author                   = {Forschungszentrum Karlsruhe},

  Url                      = {https://de.wikipedia.org/wiki/Datei:Fzi{\_}logo.svg},
  Urldate                  = {2018-05-30}
}

@Misc{Hska_logo,
  Title                    = {{Datei:Hska logo.svg – Wikipedia}},

  Author                   = {Hochschule Karlsruhe},

  Url                      = {https://de.wikipedia.org/wiki/Datei:Hska{\_}logo.svg},
  Urldate                  = {2018-05-30}
}

@Misc{AblauffdiagrammVerbandswechsel,
  Title                    = {Ablaufdiagramm Verbandswechsel},

  Author                   = {Lukas Kohout},
  Year                     = {2018-01-01}
}

@Misc{FZI_info,
  title   = {{FZI Forschungszentrum Informatik: Wir {\"{u}}ber uns}},
  url     = {https://www.fzi.de/wir-ueber-uns/},
  urldate = {2018-07-17},
}

@Misc{FZI_Projekt,
  title   = {{Projekt Heike}},
  url     = {https://www.hs-furtwangen.de/forschung/forschungsprojekte/heike/ },
  urldate = {2018-07-17},
}

@Misc{ESS,
  title   = {{FZI Forschungszentrum Informatik: ESS – Embedded Systems and Sensors Engineering}},
  url     = {https://www.fzi.de/wir-ueber-uns/organisation/forschungsbereiche/ess/},
  urldate = {2018-07-17},
}

@book{eiben2003introduction,
  title={Introduction to evolutionary computing},
  author={Eiben, Agoston E and Smith, James E and others},
  volume={53},
  year={2003},
  publisher={Springer}
}

@Article{pbt,
  author        = {Max Jaderberg and Valentin Dalibard and Simon Osindero and Wojciech M. Czarnecki and Jeff Donahue and Ali Razavi and Oriol Vinyals and Tim Green and Iain Dunning and Karen Simonyan and Chrisantha Fernando and Koray Kavukcuoglu},
  title         = {Population Based Training of Neural Networks},
  journal       = {CoRR},
  year          = {2017},
  volume        = {abs/1711.09846},
  archiveprefix = {arXiv},
  bibsource     = {dblp computer science bibliography, https://dblp.org},
  biburl        = {https://dblp.org/rec/bib/journals/corr/abs-1711-09846},
  eprint        = {1711.09846},
  timestamp     = {Mon, 13 Aug 2018 16:48:08 +0200},
  url           = {http://arxiv.org/abs/1711.09846},
}

@InProceedings{Montana:1989:TFN:1623755.1623876,
  author    = {Montana, David J. and Davis, Lawrence},
  title     = {Training Feedforward Neural Networks Using Genetic Algorithms},
  booktitle = {Proceedings of the 11th International Joint Conference on Artificial Intelligence - Volume 1},
  year      = {1989},
  series    = {IJCAI'89},
  pages     = {762--767},
  address   = {San Francisco, CA, USA},
  publisher = {Morgan Kaufmann Publishers Inc.},
  acmid     = {1623876},
  location  = {Detroit, Michigan},
  numpages  = {6},
  url       = {http://dl.acm.org/citation.cfm?id=1623755.1623876},
}

@Article{DBLP:journals/corr/abs-1712-06567,
  author        = {Felipe Petroski Such and Vashisht Madhavan and Edoardo Conti and Joel Lehman and Kenneth O. Stanley and Jeff Clune},
  title         = {Deep Neuroevolution: Genetic Algorithms Are a Competitive Alternative for Training Deep Neural Networks for Reinforcement Learning},
  journal       = {CoRR},
  year          = {2017},
  volume        = {abs/1712.06567},
  archiveprefix = {arXiv},
  bibsource     = {dblp computer science bibliography, https://dblp.org},
  biburl        = {https://dblp.org/rec/bib/journals/corr/abs-1712-06567},
  eprint        = {1712.06567},
  timestamp     = {Mon, 13 Aug 2018 16:46:09 +0200},
  url           = {http://arxiv.org/abs/1712.06567},
}

@Book{Rashid2017,
  title         = {Neuronale Netze selbst programmieren: Ein verst{\"a}ndlicher Einstieg mit Python},
  publisher     = {O'Reilly},
  year          = {2017},
  author        = {Rashid, T.},
  series        = {Animals},
  isbn          = {9783960101031},
  __markedentry = {[chri5:6]},
  url           = {https://books.google.de/books?id=mQAlDwAAQBAJ},
}

@inproceedings{Syswerda1989,
 author = {Syswerda, Gilbert},
 title = {Uniform Crossover in Genetic Algorithms},
 booktitle = {Proceedings of the 3rd International Conference on Genetic Algorithms},
 year = {1989},
 isbn = {1-55860-066-3},
 pages = {2--9},
 numpages = {8},
 url = {http://dl.acm.org/citation.cfm?id=645512.657265},
 acmid = {657265},
 publisher = {Morgan Kaufmann Publishers Inc.},
 address = {San Francisco, CA, USA}
} 

@article{shukla15,
author = {Shukla, Anupriya and Pandey, Hari and Mehrotra, Deepti},
year = {2015},
month = {02},
title = {Comparative Review of Selection Techniques in Genetic Algorithm},
journal = {2015 1st International Conference on Futuristic Trends in Computational Analysis and Knowledge Management, ABLAZE 2015},
doi = {10.1109/ABLAZE.2015.7154916}
}

@inproceedings{baker1985adaptive,
  title={Adaptive selection methods for genetic algorithms},
  author={Baker, James Edward},
  booktitle={Proceedings of an International Conference on Genetic Algorithms and their applications},
  pages={101--111},
  year={1985},
  organization={Hillsdale, New Jersey}
}

@article{Umbarkar2015,
author = {Umbarkar, Dr. Anantkumar and Sheth, P},
year = {2015},
month = {10},
pages = {},
title = {CROSSOVER OPERATORS IN GENETIC ALGORITHMS: A REVIEW},
volume = {6},
journal = {ICTACT Journal on Soft Computing ( Volume: 6 , Issue: 1 )},
doi = {10.21917/ijsc.2015.0150}
}

@article{Stanislawska1,
 author = {Stanislawska, Karolina and Krawiec, Krzysztof and Kundzewicz, Zbigniew W.},
 title = {Modeling Global Temperature Changes with Genetic Programming},
 journal = {Comput. Math. Appl.},
 issue_date = {December, 2012},
 volume = {64},
 number = {12},
 month = dec,
 year = {2012},
 issn = {0898-1221},
 pages = {3717--3728},
 numpages = {12},
 url = {http://dx.doi.org/10.1016/j.camwa.2012.02.049},
 doi = {10.1016/j.camwa.2012.02.049},
 acmid = {2401077},
 publisher = {Pergamon Press, Inc.},
 address = {Tarrytown, NY, USA},
 keywords = {Data-driven modeling, Evolutionary computation, Genetic programming, Global temperature modeling, Unconstrained optimization}
} 

@inproceedings{Stanislawska2,
 author = {Stanislawska, Karolina and Krawiec, Krzysztof and Vihma, Timo},
 title = {Genetic Programming for Estimation of Heat Flux Between the Atmosphere and Sea Ice in Polar Regions},
 booktitle = {Proceedings of the 2015 Annual Conference on Genetic and Evolutionary Computation},
 series = {GECCO '15},
 year = {2015},
 isbn = {978-1-4503-3472-3},
 location = {Madrid, Spain},
 pages = {1279--1286},
 numpages = {8},
 url = {http://doi.acm.org/10.1145/2739480.2754675},
 doi = {10.1145/2739480.2754675},
 acmid = {2754675},
 publisher = {ACM},
 address = {New York, NY, USA},
 keywords = {genetic programming, heat flux, meteorology, modeling, symbolic regression}
} 

@article{Keshavarz,
author = {Keshavarz, Sina and Javidan, Reza},
year = {2011},
month = {01},
pages = {579-584},
title = {Software Quality Control Based on Genetic Algorithm},
journal = {International Journal of Computer Theory and Engineering},
doi = {10.7763/IJCTE.2011.V3.374}
}

@inproceedings{ea,
author = {Young, Steven and C. Rose, Derek and Karnowski, Thomas and Lim, Seung-Hwan and Patton, Robert},
year = {2015},
month = {11},
pages = {1-5},
title = {Optimizing deep learning hyper-parameters through an evolutionary algorithm},
doi = {10.1145/2834892.2834896}
}

@article{AutomatedAntenna,
author = {Gregory Hornby and Al Globus and Derek Linden and Jason Lohn},
title = {Automated Antenna Design with Evolutionary Algorithms},
journal = {American Institute of Aeronautics and Astronautics},
year = {2006},
doi = {10.2514/6.2006-7242},
URL = {https://arc.aiaa.org/doi/abs/10.2514/6.2006-7242},
eprint = {https://arc.aiaa.org/doi/pdf/10.2514/6.2006-7242}
}

@article{alphago,
title	= {Mastering the game of Go with deep neural networks and tree search},
author	= {David Silver and Aja Huang and Christopher J. Maddison and Arthur Guez and Laurent Sifre and George van den Driessche and Julian Schrittwieser and Ioannis Antonoglou and Veda Panneershelvam and Marc Lanctot and Sander Dieleman and Dominik Grewe and John Nham and Nal Kalchbrenner and Ilya Sutskever and Timothy Lillicrap and Madeleine Leach and Koray Kavukcuoglu and Thore Graepel and Demis Hassabis},
year	= {2016},
URL	= {http://www.nature.com/nature/journal/v529/n7587/full/nature16961.html},
journal	= {Nature},
pages	= {484--503},
volume	= {529}
}

@article{alphastar,
  author    = {Kai Arulkumaran and
               Antoine Cully and
               Julian Togelius},
  title     = {AlphaStar: An Evolutionary Computation Perspective},
  journal   = {CoRR},
  volume    = {abs/1902.01724},
  year      = {2019},
  url       = {http://arxiv.org/abs/1902.01724},
  archivePrefix = {arXiv},
  eprint    = {1902.01724},
  timestamp = {Tue, 21 May 2019 18:03:39 +0200},
  biburl    = {https://dblp.org/rec/bib/journals/corr/abs-1902-01724},
  bibsource = {dblp computer science bibliography, https://dblp.org}
}

@article{bergstra2012random,
  title={Random search for hyper-parameter optimization},
  author={Bergstra, James and Bengio, Yoshua},
  journal={Journal of Machine Learning Research},
  volume={13},
  number={Feb},
  pages={281--305},
  year={2012}
}

@BOOK{Silva2016,
	AUTHOR = {Silva, Ivan Nunes da AND Spatti, Danilo Hernane AND Flauzino, Rogerio Andrade AND Liboni, Luisa Helena Bartocci AND Alves, Silas Franco dos Reis},
	YEAR = {2016},
	TITLE = {Artificial Neural Networks - A Practical Course},
	EDITION = {1st ed. 2017},
	ISBN = {978-3-319-43162-8},
	PUBLISHER = {Springer},
	ADDRESS = {Berlin, Heidelberg},
}

@BOOK{Chollet2018,
	AUTHOR = {Chollet, Francois},
	YEAR = {2018},
	TITLE = {Deep Learning mit Python und Keras - Das Praxis-Handbuch vom Entwickler der Keras-Bibliothek},
	EDITION = {1. Aufl.},
	ISBN = {978-3-958-45840-6},
	PUBLISHER = {MITP-Verlags GmbH \& Co. KG},
	ADDRESS = {Heidelberg},
}

@BOOK{Gerdts2011,
	AUTHOR = {Gerdts, Matthias AND Lempio, Frank AND Lempio, Frank},
	YEAR = {2011},
	TITLE = {Mathematische Optimierungsverfahren des Operations Research - },
	EDITION = {1. Aufl.},
	ISBN = {978-3-110-24998-9},
	PUBLISHER = {Walter de Gruyter},
	ADDRESS = {Berlin},
}

@article{beume2006mehrkriterielle,
  title={Mehrkriterielle Optimierung durch evolution{\"a}re Algorithmen mit S-Metrik-Selektion},
  author={Beume, Nicola and Naujoks, Boris and Rudolph, G{\"u}nter},
  journal={Universit{\"a}t Dortmund, Chair for Algorithm Engineering},
  year={2006}
}

@BOOK{Gad2018,
	AUTHOR = {Gad, Ahmed Fawzy},
	YEAR = {2018},
	TITLE = {Practical Computer Vision Applications Using Deep Learning with CNNs - With Detailed Examples in Python Using TensorFlow and Kivy},
	EDITION = {1. Aufl.},
	ISBN = {978-1-484-24167-7},
	PUBLISHER = {Apress},
	ADDRESS = {New York},
}

@book{weicker2015evolutionare,
  title={Evolution{\"a}re Algorithmen},
  author={Weicker, Karsten},
  year={2015},
  publisher={Springer-Verlag}
}

@book{kramer2017genetic,
  title={Genetic algorithm essentials},
  author={Kramer, Oliver},
  volume={679},
  year={2017},
  publisher={Springer}
}

@misc{francois2017deep,
  title={Deep learning with Python},
  author={Francois, Chollet},
  year={2017},
  publisher={Manning Publications Company}
}

@article{DBLP:journals/corr/Ruder16,
  author    = {Sebastian Ruder},
  title     = {An overview of gradient descent optimization algorithms},
  journal   = {CoRR},
  volume    = {abs/1609.04747},
  year      = {2016},
  url       = {http://arxiv.org/abs/1609.04747},
  archivePrefix = {arXiv},
  eprint    = {1609.04747},
  timestamp = {Mon, 13 Aug 2018 16:48:10 +0200},
  biburl    = {https://dblp.org/rec/bib/journals/corr/Ruder16},
  bibsource = {dblp computer science bibliography, https://dblp.org}
}

@misc{Waymo,
  author = {Yu-hsin Chen},
  title = {How evolutionary selection can train more capable self-driving cars},
  year = 2019,
  url = {https://deepmind.com/blog/article/how-evolutionary-selection-can-train-more-capable-self-driving-cars},
  urldate = {2019-09-23}
}

@article{caldas2008generation,
  title={Generation of energy-efficient architecture solutions applying GENE\_ARCH: An evolution-based generative design system},
  author={Caldas, Luisa},
  journal={Advanced Engineering Informatics},
  volume={22},
  number={1},
  pages={59--70},
  year={2008},
  publisher={Elsevier}
}


@misc{siemens,
  author = {siemens},
  title = {Generative Design},
  year = 2019,
  url = {https://www.plm.automation.siemens.com/global/pt/our-story/glossary/generative-design/27063},
  urldate = {2019-09-23}
}

@article{stanley2002evolving,
  title={Evolving neural networks through augmenting topologies},
  author={Stanley, Kenneth O and Miikkulainen, Risto},
  journal={Evolutionary Computation},
  volume={10},
  number={2},
  pages={99--127},
  year={2002},
  publisher={MIT Press}
}
