% Encoding: UTF-8

@Misc{Fzi_logo,
  Title                    = {{Datei:Fzi logo.svg – Wikipedia}},

  Author                   = {Forschungszentrum Karlsruhe},

  Url                      = {https://de.wikipedia.org/wiki/Datei:Fzi{\_}logo.svg},
  Urldate                  = {2018-05-30}
}

@Misc{Hska_logo,
  Title                    = {{Datei:Hska logo.svg – Wikipedia}},

  Author                   = {Hochschule Karlsruhe},

  Url                      = {https://de.wikipedia.org/wiki/Datei:Hska{\_}logo.svg},
  Urldate                  = {2018-05-30}
}

@Misc{AblauffdiagrammVerbandswechsel,
  Title                    = {Ablaufdiagramm Verbandswechsel},

  Author                   = {Lukas Kohout},
  Year                     = {2018-01-01}
}

@Misc{FZI_info,
  title   = {{FZI Forschungszentrum Informatik: Wir {\"{u}}ber uns}},
  url     = {https://www.fzi.de/wir-ueber-uns/},
  urldate = {2018-07-17},
}

@Misc{FZI_Projekt,
  title   = {{Projekt Heike}},
  url     = {https://www.hs-furtwangen.de/forschung/forschungsprojekte/heike/ },
  urldate = {2018-07-17},
}

@Misc{ESS,
  title   = {{FZI Forschungszentrum Informatik: ESS – Embedded Systems and Sensors Engineering}},
  url     = {https://www.fzi.de/wir-ueber-uns/organisation/forschungsbereiche/ess/},
  urldate = {2018-07-17},
}

@Book{Chollet2018,
  title         = {Deep Learning mit Python und Keras: Das Praxis-Handbuch vom Entwickler der Keras-Bibliothek},
  publisher     = {MITP Verlags GmbH \& Company KG},
  year          = {2018},
  author        = {Chollet, F.},
  series        = {mitp Professional},
  isbn          = {9783958458406},
  __markedentry = {[chri5:]},
  url           = {https://books.google.de/books?id=ouVcDwAAQBAJ},
}

@Book{Eiben:2003:IEC:954563,
  title     = {Introduction to Evolutionary Computing},
  publisher = {SpringerVerlag},
  year      = {2003},
  author    = {Eiben, Agoston E. and Smith, J. E.},
  isbn      = {3540401849},
}

@Article{DBLP:journals/corr/abs-1711-09846,
  author        = {Max Jaderberg and Valentin Dalibard and Simon Osindero and Wojciech M. Czarnecki and Jeff Donahue and Ali Razavi and Oriol Vinyals and Tim Green and Iain Dunning and Karen Simonyan and Chrisantha Fernando and Koray Kavukcuoglu},
  title         = {Population Based Training of Neural Networks},
  journal       = {CoRR},
  year          = {2017},
  volume        = {abs/1711.09846},
  archiveprefix = {arXiv},
  bibsource     = {dblp computer science bibliography, https://dblp.org},
  biburl        = {https://dblp.org/rec/bib/journals/corr/abs-1711-09846},
  eprint        = {1711.09846},
  timestamp     = {Mon, 13 Aug 2018 16:48:08 +0200},
  url           = {http://arxiv.org/abs/1711.09846},
}

@InProceedings{Montana:1989:TFN:1623755.1623876,
  author    = {Montana, David J. and Davis, Lawrence},
  title     = {Training Feedforward Neural Networks Using Genetic Algorithms},
  booktitle = {Proceedings of the 11th International Joint Conference on Artificial Intelligence - Volume 1},
  year      = {1989},
  series    = {IJCAI'89},
  pages     = {762--767},
  address   = {San Francisco, CA, USA},
  publisher = {Morgan Kaufmann Publishers Inc.},
  acmid     = {1623876},
  location  = {Detroit, Michigan},
  numpages  = {6},
  url       = {http://dl.acm.org/citation.cfm?id=1623755.1623876},
}

@Article{DBLP:journals/corr/abs-1712-06567,
  author        = {Felipe Petroski Such and Vashisht Madhavan and Edoardo Conti and Joel Lehman and Kenneth O. Stanley and Jeff Clune},
  title         = {Deep Neuroevolution: Genetic Algorithms Are a Competitive Alternative for Training Deep Neural Networks for Reinforcement Learning},
  journal       = {CoRR},
  year          = {2017},
  volume        = {abs/1712.06567},
  archiveprefix = {arXiv},
  bibsource     = {dblp computer science bibliography, https://dblp.org},
  biburl        = {https://dblp.org/rec/bib/journals/corr/abs-1712-06567},
  eprint        = {1712.06567},
  timestamp     = {Mon, 13 Aug 2018 16:46:09 +0200},
  url           = {http://arxiv.org/abs/1712.06567},
}

@Book{Rashid2017,
  title         = {Neuronale Netze selbst programmieren: Ein verst{\"a}ndlicher Einstieg mit Python},
  publisher     = {O'Reilly},
  year          = {2017},
  author        = {Rashid, T.},
  series        = {Animals},
  isbn          = {9783960101031},
  __markedentry = {[chri5:6]},
  url           = {https://books.google.de/books?id=mQAlDwAAQBAJ},
}

@inproceedings{Syswerda1989,
 author = {Syswerda, Gilbert},
 title = {Uniform Crossover in Genetic Algorithms},
 booktitle = {Proceedings of the 3rd International Conference on Genetic Algorithms},
 year = {1989},
 isbn = {1-55860-066-3},
 pages = {2--9},
 numpages = {8},
 url = {http://dl.acm.org/citation.cfm?id=645512.657265},
 acmid = {657265},
 publisher = {Morgan Kaufmann Publishers Inc.},
 address = {San Francisco, CA, USA}
} 

@inproceedings{shukla15,
author = {Shukla, Anupriya and Pandey, Hari and Mehrotra, Deepti},
year = {2015},
month = {02},
title = {Comparative Review of Selection Techniques in Genetic Algorithm},
journal = {2015 1st International Conference on Futuristic Trends in Computational Analysis and Knowledge Management, ABLAZE 2015},
doi = {10.1109/ABLAZE.2015.7154916}
}

@inproceedings{baker1985adaptive,
  title={Adaptive selection methods for genetic algorithms},
  author={Baker, James Edward},
  booktitle={Proceedings of an International Conference on Genetic Algorithms and their applications},
  pages={101--111},
  year={1985},
  organization={Hillsdale, New Jersey}
}

@article{Umbarkar2015,
author = {Umbarkar, Dr. Anantkumar and Sheth, P},
year = {2015},
month = {10},
pages = {},
title = {CROSSOVER OPERATORS IN GENETIC ALGORITHMS: A REVIEW},
volume = {6},
journal = {ICTACT Journal on Soft Computing ( Volume: 6 , Issue: 1 )},
doi = {10.21917/ijsc.2015.0150}
}


@Comment{jabref-meta: databaseType:bibtex;}
