% Encoding: UTF-8


@Article{DBLP:journals/corr/CarreiraZ17,
  Title                    = {Quo Vadis, Action Recognition? {A} New Model and the Kinetics Dataset},
  Author                   = {Joao Carreira and
 Andrew Zisserman},
  Journal                  = {CoRR},
  Year                     = {2017},
  Volume                   = {abs/1705.07750},

  Archiveprefix            = {arXiv},
  Bibsource                = {dblp computer science bibliography, https://dblp.org},
  Biburl                   = {https://dblp.org/rec/bib/journals/corr/CarreiraZ17},
  Eprint                   = {1705.07750},
  Timestamp                = {Wed, 07 Jun 2017 14:41:07 +0200},
  Url                      = {http://arxiv.org/abs/1705.07750}
}

@Misc{Gantt,
  Title                    = {{GANTT}},

  Author                   = {{Christian Heinzmann}},
  Year                     = {2018-07-01}
}

@Misc{Glosser.ca,
  Title                    = {{File:Colored neural network.svg - Wikimedia Commons}},

  Author                   = {Glosser.ca},

  Booktitle                = {28 February 2013, 13:53:39},
  Url                      = {https://commons.wikimedia.org/wiki/File:Colored{\_}neural{\_}network.svg{\#}metadata},
  Urldate                  = {2018-06-01}
}

@Misc{JeffriesDaniel,
  Title                    = {{Featuremap}},

  Author                   = {{Jeffries Daniel}},

  Booktitle                = {2017-02-27},
  Url                      = {https://hackernoon.com/learning-ai-if-you-suck-at-math-p5-deep-learning-and-convolutional-neural-nets-in-plain-english-cda79679bbe3},
  Urldate                  = {2018-06-19}
}

@Misc{Fzi_logo,
  Title                    = {{Datei:Fzi logo.svg – Wikipedia}},

  Author                   = {Forschungszentrum Karlsruhe},

  Url                      = {https://de.wikipedia.org/wiki/Datei:Fzi{\_}logo.svg},
  Urldate                  = {2018-05-30}
}

@Misc{Hska_logo,
  Title                    = {{Datei:Hska logo.svg – Wikipedia}},

  Author                   = {Hochschule Karlsruhe},

  Url                      = {https://de.wikipedia.org/wiki/Datei:Hska{\_}logo.svg},
  Urldate                  = {2018-05-30}
}

@Misc{AblauffdiagrammVerbandswechsel,
  Title                    = {Ablaufdiagramm Verbandswechsel},

  Author                   = {Lukas Kohout},
  Year                     = {2018-01-01}
}

@Misc{PranjalYadav,
  Title                    = {{Pooling}},

  Author                   = {{Pranjal Yadav}},

  Url                      = {https://towardsdatascience.com/a-deeper-understanding-of-nnets-part-1-cnns-263a6e3ac61},
  Urldate                  = {2018-06-19}
}

@Book{rashid2017neuronale,
  Title                    = {Neuronale Netze selbst programmieren: Ein verst{\"a}ndlicher Einstieg mit Python},
  Author                   = {Rashid, T. and Langenau, F.},
  Publisher                = {Dpunkt.Verlag GmbH},
  Year                     = {2017},

  ISBN                     = {9783960090434},
  Url                      = {https://books.google.de/books?id=\_vwTMQAACAAJ}
}

@Misc{Convolutional_Net_Skizze,
  Title                    = {{Convolutional Net}},

  Url                      = {https://www.doc.ic.ac.uk/~jce317/introduction-cnns.html},
  Urldate                  = {2018-06-19}
}

@Misc{FZI_info,
  title   = {{FZI Forschungszentrum Informatik: Wir {\"{u}}ber uns}},
  url     = {https://www.fzi.de/wir-ueber-uns/},
  urldate = {2018-07-17},
}

@Misc{FZI_Projekt,
  title   = {{Projekt Heike}},
  url     = {https://www.hs-furtwangen.de/forschung/forschungsprojekte/heike/ },
  urldate = {2018-07-17},
}

@Article{DeepMind/i3d,
  author      = {Joao Carreira and Andrew Zisserman},
  title       = {Quo Vadis, Action Recognition? A New Model and the Kinetics Dataset},
  abstract    = {The paucity of videos in current action classification datasets (UCF-101 and HMDB-51) has made it difficult to identify good video architectures, as most methods obtain similar performance on existing small-scale benchmarks. This paper re-evaluates state-of-the-art architectures in light of the new Kinetics Human Action Video dataset. Kinetics has two orders of magnitude more data, with 400 human action classes and over 400 clips per class, and is collected from realistic, challenging YouTube videos. We provide an analysis on how current architectures fare on the task of action classification on this dataset and how much performance improves on the smaller benchmark datasets after pre-training on Kinetics. We also introduce a new Two-Stream Inflated 3D ConvNet (I3D) that is based on 2D ConvNet inflation: filters and pooling kernels of very deep image classification ConvNets are expanded into 3D, making it possible to learn seamless spatio-temporal feature extractors from video while leveraging successful ImageNet architecture designs and even their parameters. We show that, after pre-training on Kinetics, I3D models considerably improve upon the state-of-the-art in action classification, reaching 80.9% on HMDB-51 and 98.0% on UCF-101.},
  date        = {2017-05-22},
  eprint      = {1705.07750v3},
  eprintclass = {cs.CV},
  eprinttype  = {arXiv},
  file        = {online:http\://arxiv.org/pdf/1705.07750v3:PDF},
  keywords    = {cs.CV, cs.LG},
}

@Misc{ESS,
  title   = {{FZI Forschungszentrum Informatik: ESS – Embedded Systems and Sensors Engineering}},
  url     = {https://www.fzi.de/wir-ueber-uns/organisation/forschungsbereiche/ess/},
  urldate = {2018-07-17},
}
@Article{Bro11a,
  author       = "T. Brox and J. Malik",
  title        = "Large displacement optical flow: descriptor matching in variational motion estimation",
  journal      = "IEEE Transactions on Pattern Analysis and Machine Intelligence",
  number       = "3",
  volume       = "33",
  pages        = "500-513",
  year         = "2011",
  url          = "http://lmb.informatik.uni-freiburg.de/Publications/2011/Bro11a"
}
@article{FlowNet2.0,
  author    = {Eddy Ilg and
               Nikolaus Mayer and
               Tonmoy Saikia and
               Margret Keuper and
               Alexey Dosovitskiy and
               Thomas Brox},
  title     = {FlowNet 2.0: Evolution of Optical Flow Estimation with Deep Networks},
  journal   = {CoRR},
  volume    = {abs/1612.01925},
  year      = {2016},
  url       = {http://arxiv.org/abs/1612.01925},
  archivePrefix = {arXiv},
  eprint    = {1612.01925},
  timestamp = {Wed, 07 Jun 2017 14:41:53 +0200},
  biburl    = {https://dblp.org/rec/bib/journals/corr/IlgMSKDB16},
  bibsource = {dblp computer science bibliography, https://dblp.org}
}
@article{Hand-Pose-paper,
  author    = {Guillermo Garcia{-}Hernando and
               Shanxin Yuan and
               Seungryul Baek and
               Tae{-}Kyun Kim},
  title     = {First-Person Hand Action Benchmark with {RGB-D} Videos and 3D Hand
               Pose Annotations},
  journal   = {CoRR},
  volume    = {abs/1704.02463},
  year      = {2017},
  url       = {http://arxiv.org/abs/1704.02463},
  archivePrefix = {arXiv},
  eprint    = {1704.02463},
  timestamp = {Wed, 07 Jun 2017 14:41:01 +0200},
  biburl    = {https://dblp.org/rec/bib/journals/corr/Garcia-Hernando17},
  bibsource = {dblp computer science bibliography, https://dblp.org}
}
@InProceedings{Bambach_2015_ICCV,
author = {Bambach, Sven and Lee, Stefan and Crandall, David J. and Yu, Chen},
title = {Lending A Hand: Detecting Hands and Recognizing Activities in Complex Egocentric Interactions},
booktitle = {The IEEE International Conference on Computer Vision (ICCV)},
month = {December},
year = {2015}
}


@Comment{jabref-meta: databaseType:bibtex;}
